@article{amos2018differentiable,
  title={Differentiable mpc for end-to-end planning and control},
  author={Amos, Brandon and Rodriguez, Ivan Dario Jimenez and Sacks, Jacob and Boots, Byron and Kolter, J Zico},
  journal={arXiv preprint arXiv:1810.13400},
  year={2018}
}

@book{murray1991case,
  title={A case study in approximate linearization: The acrobat example},
  author={Murray, Richard M and Hauser, John Edmond},
  year={1991},
  publisher={Electronics Research Laboratory, College of Engineering, University of~â€¦}
}

@inproceedings{spielberg2017functional,
  title={Functional co-optimization of articulated robots},
  author={Spielberg, Andrew and Araki, Brandon and Sung, Cynthia and Tedrake, Russ and Rus, Daniela},
  booktitle={2017 IEEE International Conference on Robotics and Automation (ICRA)},
  pages={5035--5042},
  year={2017},
  organization={IEEE}
}

@article{ha2019reinforcement,
  title={Reinforcement learning for improving agent design},
  author={Ha, David},
  journal={Artificial life},
  volume={25},
  number={4},
  pages={352--365},
  year={2019},
  publisher={MIT Press}
}

@inproceedings{williams2017information,
  title={Information theoretic MPC for model-based reinforcement learning},
  author={Williams, Grady and Wagener, Nolan and Goldfain, Brian and Drews, Paul and Rehg, James M and Boots, Byron and Theodorou, Evangelos A},
  booktitle={2017 IEEE International Conference on Robotics and Automation (ICRA)},
  pages={1714--1721},
  year={2017},
  organization={IEEE}
}